@Article{Chertkov,
  title =	"Ensemble Control of Cycling Energy Loads: Markov
		 Decision Approach",
  author =	"Michael Chertkov and Vladimir Y. Chernyak",
  journal =	"CoRR",
  year = 	"2017",
  volume =	"abs/1701.04941",
  bibdate =	"2018-08-13",
  bibsource =	"DBLP,
		 http://dblp.uni-trier.de/db/journals/corr/corr1701.html#ChertkovC17a",
  URL =  	"http://arxiv.org/abs/1701.04941",
}

@InProceedings{Todorov,
  title =	"Linearly-solvable Markov decision problems",
  author =	"Emanuel Todorov",
  publisher =	"MIT Press",
  year = 	"2006",
  bibdate =	"2014-12-10",
  bibsource =	"DBLP,
		 http://dblp.uni-trier.de/db/conf/nips/nips2006.html#Todorov06",
  booktitle =	"NIPS",
  crossref =	"conf/nips/2006",
  editor =	"Bernhard Sch{\"o}lkopf and John C. Platt and Thomas
		 Hofmann",
  ISBN = 	"0-262-19568-2",
  pages =	"1369--1376",
  URL =  	"http://papers.nips.cc/book/advances-in-neural-information-processing-systems-19-2006",
}

@Book{Szepesvari,
  title =	"Algorithms for Reinforcement Learning",
  author =	"Csaba Szepesv{\'a}ri",
  publisher =	"Morgan \& Claypool Publishers",
  year = 	"2010",
  bibdate =	"2017-05-16",
  bibsource =	"DBLP,
		 http://dblp.uni-trier.de/https://doi.org/10.2200/S00268ED1V01Y201005AIM009",
  booktitle =	"Algorithms for Reinforcement Learning",
  series =	"Synthesis Lectures on Artificial Intelligence and
		 Machine Learning",
}

@Article{Allen,
  title =	"Is Q-learning Provably Efficient?",
  author =	"Chi Jin and Zeyuan Allen-Zhu and S{\'e}bastien Bubeck
		 and Michael I. Jordan",
  journal =	"CoRR",
  year = 	"2018",
  volume =	"abs/1807.03765",
  bibdate =	"2018-08-13",
  bibsource =	"DBLP,
		 http://dblp.uni-trier.de/db/journals/corr/corr1807.html#abs-1807-03765",
  URL =  	"http://arxiv.org/abs/1807.03765",
}

@Book{Durrett,
  address =	"Belmont, CA",
  author =	"Richard Durrett",
  edition =	"Second",
  publisher =	"Duxbury Press",
  title =	"Probability: theory and examples",
  year = 	"1996",
}

@Book{Korte,
  author =	"Bernhard Korte, Jens Vygen",
  edition =	"translation",
  publisher =	"MCCME",
  title =	"Combinatorial optimization. Theory and Algorithms",
  year = 	"2015",
}

@article{Kim,
author = {Kim, Sunyong and Lim, Hyuk},
year = {2018},
month = {08},
pages = {2010},
title = {Reinforcement Learning Based Energy Management Algorithm for Smart Energy Buildings},
volume = {11},
journal = {Energies},
doi = {10.3390/en11082010}
}

@inproceedings{Raju,
author = {Leo, Raju and S Milton, R and Sibi, S},
year = {2014},
month = {09},
pages = {183-188},
title = {Reinforcement learning for optimal energy management of a solar microgrid},
journal = {2014 IEEE Global Humanitarian Technology Conference - South Asia Satellite, GHTC-SAS 2014},
doi = {10.1109/GHTC-SAS.2014.6967580}
}

@inproceedings{Liessner,
author = {Liessner, Roman and Schroer, Christian and Dietermann, Ansgar and Bäker, Bernard},
year = {2018},
month = {01},
pages = {61-72},
title = {Deep Reinforcement Learning for Advanced Energy Management of Hybrid Electric Vehicles},
doi = {10.5220/0006573000610072}
}

@article{Ruiz,
author = {Kuznetsova, Elizaveta and Li, Yan-Fu and Ruiz, Carlos and Zio, Enrico and Bell, Keith and Ault, Graham},
year = {2013},
month = {05},
pages = {133–146},
title = {Reinforcement learning for microgrid energy management},
volume = {59},
journal = {Energy},
doi = {10.1016/j.energy.2013.05.060}
}




